@article{BARENDREGT1990,
   abstract = {An abstract is not available},
   author = {H.P. BARENDREGT},
   doi = {10.1016/B978-0-444-88074-1.50012-3},
   journal = {Formal Models and Semantics},
   month = {1},
   pages = {321-363},
   publisher = {Elsevier},
   title = {Functional Programming and Lambda Calculus},
   year = {1990}
}
@inbook{Srensen2006,
   author = {Morten Heine SÃ¸rensen and Pawel Urzyczyin},
   doi = {10.1016/S0049-237X(06)80005-4},
   pages = {77-101},
   title = {The Curry-Howard isomorphism},
   year = {2006}
}
@article{Harrison2014,
   author = {John Harrison and Josef Urban and Freek Wiedijk},
   doi = {10.1016/B978-0-444-51624-4.50004-6},
   issn = {1874-5857},
   issue = {C},
   journal = {Handbook of the History of Logic},
   month = {1},
   pages = {135-214},
   publisher = {North-Holland},
   title = {History of Interactive Theorem Proving},
   volume = {9},
   year = {2014}
}
@article{Geuvers2009,
   author = {H. Geuvers},
   doi = {10.1007/s12046-009-0001-5},
   issn = {0256-2499},
   issue = {1},
   journal = {Sadhana},
   month = {2},
   pages = {3-25},
   title = {Proof assistants: History, ideas and future},
   volume = {34},
   year = {2009}
}
@article{Grami2023,
   author = {Ali Grami},
   doi = {10.1016/B978-0-12-820656-0.00004-6},
   journal = {Discrete Mathematics},
   pages = {55-65},
   publisher = {Elsevier},
   title = {Proof Methods},
   year = {2023}
}
