@misc{wikipedia_proof_assistant,
  author       = {{Wikipedia}},
  title        = {Proof assistant --- Wikipedia{,} the free encyclopedia},
  year         = 2025,
  howpublished = {\url{https://en.wikipedia.org/wiki/Proof_assistant}},
}
@article{History,
author = {Geuvers, Herman},
year = {2009},
month = {02},
pages = {3-25},
title = {Proof assistants: History, ideas and future},
volume = {34},
journal = {Sadhana},
doi = {10.1007/s12046-009-0001-5}
}
@inproceedings{inproceedings,
author = {Bove, Ana and Dybjer, Peter and Norell, Ulf},
year = {2009},
month = {08},
title = {A Brief Overview of Agda â€“ A Functional Language with Dependent Types},
isbn = {978-3-642-03358-2},
doi = {10.1007/978-3-642-03359-9_6}
}
